@misc{Toma2022,
  author = {Toma M.},
  title  = {Metodi di machine learning per il riconoscimento di metaplasie gastrointestinali a partire da immagini gastroscopiche},
  year   = {2022}
}
@inproceedings{GLCM,
  author    = {Singh, Shruti and Srivastava, Divya and Agarwal, Suneeta},
  booktitle = {2017 5th International Symposium on Computational and Business Intelligence (ISCBI)},
  title     = {GLCM and its application in pattern recognition},
  year      = {2017},
  volume    = {},
  number    = {},
  pages     = {20-25},
  doi       = {10.1109/ISCBI.2017.8053537}
}
@misc{ilpaper,
  author  = {Siripoppohn V. et al},
  title   = {Real-time semantic segmentation of gastric intestinal metaplasia using a deep learning approach},
  journal = {Clin Endosc},
  volume  = {55},
  number  = {3},
  pages   = {390-400},
  year    = {2022},
  doi     = {10.5946/ce.2022.005},
  url     = {http://www.e-ce.org/journal/view.php?number=7632},
  eprint  = {http://www.e-ce.org/journal/view.php?number=7632}
}
@article{bisenet,
  author     = {Changqian Yu and
                Jingbo Wang and
                Chao Peng and
                Changxin Gao and
                Gang Yu and
                Nong Sang},
  title      = {BiSeNet: Bilateral Segmentation Network for Real-time Semantic Segmentation},
  journal    = {CoRR},
  volume     = {abs/1808.00897},
  year       = {2018},
  url        = {http://arxiv.org/abs/1808.00897},
  eprinttype = {arXiv},
  eprint     = {1808.00897},
  timestamp  = {Tue, 06 Dec 2022 08:08:45 +0100},
  biburl     = {https://dblp.org/rec/journals/corr/abs-1808-00897.bib},
  bibsource  = {dblp computer science bibliography, https://dblp.org}
}
@article{HyperKvasirDataset,
  title   = {HyperKvasir, a comprehensive multi-class
             image and video dataset for gastrointestinal endoscopy},
  author  = {
             Borgli, Hanna and Thambawita, Vajira and
             Smedsrud, Pia H and Hicks, Steven and Jha, Debesh and
             Eskeland, Sigrun L and Randel, Kristin Ranheim and
             Pogorelov, Konstantin and Lux, Mathias and
             Nguyen, Duc Tien Dang and Johansen, Dag and
             Griwodz, Carsten and Stensland, H{\aa}kon K and
             Garcia-Ceja, Enrique and Schmidt, Peter T and
             Hammer, Hugo L and Riegler, Michael A and
             Halvorsen, P{\aa}l and de Lange, Thomas
             },
  doi     = {10.1038/s41597-020-00622-y},
  issn    = {2052-4463},
  journal = {Scientific Data},
  number  = {1},
  pages   = {283},
  url     = {https://doi.org/10.1038/s41597-020-00622-y},
  volume  = {7},
  year    = {2020}
}
@article{cocodataset,
  author        = {Tsung{-}Yi Lin and Michael Maire and Serge J. Belongie and Lubomir D. Bourdev and Ross B. Girshick and James Hays and Pietro Perona and Deva Ramanan and Piotr Doll{'{a} }r and C. Lawrence Zitnick},
  title         = {Microsoft {COCO:} Common Objects in Context},
  journal       = {CoRR},
  volume        = {abs/1405.0312},
  year          = {2014},
  url           = {http://arxiv.org/abs/1405.0312},
  archiveprefix = {arXiv},
  eprint        = {1405.0312},
  timestamp     = {Mon, 13 Aug 2018 16:48:13 +0200},
  biburl        = {https://dblp.org/rec/bib/journals/corr/LinMBHPRDZ14},
  bibsource     = {dblp computer science bibliography, https://dblp.org}
} 
@inproceedings{imagenet,
  title        = {Imagenet: A large-scale hierarchical image database},
  author       = {Deng, Jia and Dong, Wei and Socher, Richard and Li, Li-Jia and Li, Kai and Fei-Fei, Li},
  booktitle    = {2009 IEEE conference on computer vision and pattern recognition},
  pages        = {248--255},
  year         = {2009},
  organization = {Ieee}
} 
@misc{mmseg,
  title        = {{MMSegmentation}: OpenMMLab Semantic Segmentation Toolbox and Benchmark},
  author       = {MMSegmentation Contributors},
  howpublished = {\url{https://github.com/open-mmlab/mmsegmentation}},
  year         = {2020}
}
@misc{mmdeploy,
  title        = {OpenMMLab's Model Deployment Toolbox.},
  author       = {MMDeploy Contributors},
  howpublished = {\url{https://github.com/open-mmlab/mmdeploy}},
  year         = {2021}
}
@misc{radiomics,
  title  = {Pyradiomics, a library for clinical image processing},
  author = {Joost J.M et al.},
  year   = {2017},
  doi    = {10.1158/0008-5472.CAN-17-0339}
}